<?xml version="1.0" encoding="UTF-8"?><collection xmlns="http://www.loc.gov/MARC21/slim"><record><leader>00435nam--2200169-u-4500</leader><controlfield tag="001">000051719</controlfield><controlfield tag="002">20161230</controlfield><controlfield tag="005">20161230201049</controlfield><controlfield tag="008">080916s1000------------r-----000-0-eng-d</controlfield><datafield ind1=" " ind2=" " tag="040"><subfield code="a">IFIN-HH</subfield></datafield><datafield ind1=" " ind2=" " tag="080"><subfield code="a">517.63</subfield></datafield><datafield ind1="1" ind2=" " tag="100"><subfield code="a">Aseltine,John A</subfield></datafield><datafield ind1="1" ind2="0" tag="245"><subfield code="a">Transform Method in Linear System Analysis</subfield></datafield><datafield ind1=" " ind2=" " tag="260"><subfield code="a">New York</subfield><subfield code="b">McGraw-Hill Book Comp.Inc</subfield><subfield code="c">1958</subfield></datafield><datafield ind1=" " ind2=" " tag="300"><subfield code="a">300 p</subfield></datafield><datafield ind1=" " ind2=" " tag="852"><subfield code="a">14853</subfield><subfield code="c">517.63</subfield></datafield><datafield ind1=" " ind2=" " tag="CAT"><subfield code="a">Sys</subfield><subfield code="c">20080916</subfield><subfield code="h">080939</subfield></datafield></record></collection>